@proceedings{Sibgrapi2016,
	Address = {Sao Jose dos Campos, SP, Brazil},
	Booktitle = {SIBGRAPI},
	Month = {October},
	Publisher = {{IEEE}},
	Title = {Proceedings of the 29th SIBGRAPI Conference on Graphics, Patterns and Images (SIBGRAPI)},
	Year = {2016},
}
